<record><leader>00000cas a22000007a 4500</leader><controlfield tag="001">20790585</controlfield><controlfield tag="008">891215d18801889mauwr ne      0    0eng d</controlfield><datafield ind1=" " ind2=" " tag="010"><subfield code="a">sn 89062268 </subfield></datafield><datafield ind1=" " ind2=" " tag="040"><subfield code="a">MGN</subfield><subfield code="b">eng</subfield><subfield code="c">MGN</subfield><subfield code="d">OCLCQ</subfield></datafield><datafield ind1=" " ind2=" " tag="042"><subfield code="a">msc</subfield></datafield><datafield ind1="0" ind2=" " tag="130"><subfield code="a">Lynn reporter (Lynn, Mass. : 1880)</subfield></datafield><datafield ind1="1" ind2="4" tag="245"><subfield code="a">The Lynn reporter.</subfield></datafield><datafield ind1=" " ind2=" " tag="260"><subfield code="a">Lynn, Mass. :</subfield><subfield code="b">B.B. Breed</subfield></datafield><datafield ind1=" " ind2=" " tag="300"><subfield code="a">v.</subfield></datafield><datafield ind1=" " ind2=" " tag="310"><subfield code="a">Weekly</subfield></datafield><datafield ind1="0" ind2=" " tag="362"><subfield code="a">Vol. 9, no. 1 (Jan. 3, 1880)-v. 48, no. 46 (Nov. 22, 1889).</subfield></datafield><datafield ind1=" " ind2=" " tag="580"><subfield code="a">Daily eds.: Lynn bee, 1880-1888, and: Lynn daily bee, 1888-1889.</subfield></datafield><datafield ind1=" " ind2=" " tag="752"><subfield code="a">United States</subfield><subfield code="b">Massachusetts</subfield><subfield code="c">Essex</subfield><subfield code="d">Lynn.</subfield></datafield><datafield ind1="1" ind2=" " tag="775"><subfield code="t">Lynn bee</subfield><subfield code="w">(DLC)sn 89062257</subfield></datafield><datafield ind1="1" ind2=" " tag="775"><subfield code="t">Lynn daily bee</subfield><subfield code="w">(DLC)sn 89062258</subfield></datafield><datafield ind1="0" ind2="0" tag="780"><subfield code="t">Lynn semi-weekly reporter</subfield><subfield code="w">(DLC)sn 85033087</subfield></datafield><datafield ind1="0" ind2="0" tag="785"><subfield code="t">Lynn weekly bee</subfield><subfield code="w">(DLC)sn 89062269</subfield></datafield></record>